<?xml version="1.0" encoding="UTF-8"?><collection xmlns="http://www.loc.gov/MARC21/slim"><record><leader>00316nam--2200121-i-4500</leader><controlfield tag="001">000047566</controlfield><controlfield tag="002">20161230</controlfield><controlfield tag="005">20161230201046</controlfield><controlfield tag="008">060222s1000------------r-----000-0-eng-d</controlfield><datafield ind1=" " ind2=" " tag="100"><subfield code="a">Wooster, W.A</subfield></datafield><datafield ind1=" " ind2=" " tag="245"><subfield code="a">A text-book on crystal physics</subfield></datafield><datafield ind1=" " ind2=" " tag="260"><subfield code="a">Cambridge, At Tthe University Press, 1949, Xxii + 295p</subfield></datafield><datafield ind1=" " ind2=" " tag="852"><subfield code="a">680</subfield></datafield></record></collection>